% Encoding: UTF8

% Einleitung

@book{woeltje2010abc,
  title={ABC des Finanz- und Rechnungswesens - Best of Edition},
  author={{Wöltje}, Jörg.},
  isbn={9783648003138},
  year={2010},
  pages={125},
  publisher={Haufe Lexware}
}

@article{no_longer_optional,
  title={No Longer Optional: Employer Demand for Digital Skills},
  author={Nania, Julia and Bonella, Hal and Restuccia, Dan and Taska, Bledi},
  journal={Burning Glass Technologies},
  year={2019}
}


@article{shujaat,
author = {Cheema, Farooq-E-Azam and Shujaat, Sobia and Alam, Rafia},
year = {2013},
month = {01},
pages = {23-30},
title = {Impact of Non-monetary Rewards on Employees' Motivation: a Study of Commercial Banks in Karachi},
volume = {9},
journal={Journal of Management and Social Sciences},
}


@BOOK{Kumar2005,
	author = {Rajendra {Kumar}},
	year = {2005},
	title = {Human Computer Interaction - },
	edition = {1},
	isbn = {978-81-7008-795-3 },
	publisher = {Firewall Media},
	address = {Lucknow},
}

@inproceedings{deterding_game_2011,
  title={From game design elements to gamefulness: defining gamification},
  author={Deterding, Sebastian and Dixon, Dan and Khaled, Rilla and Nacke, Lennart},
  booktitle={Proceedings of the 15th international academic MindTrek conference: Envisioning future media environments},
  pages={9-15},
  year={2011},
  organization={ACM}
}

@misc{takahashi_gamification_2010,
	title = {Gamification gets its own conference},
	url = {https://venturebeat.com/2010/09/30/gamification-gets-its-own-conference/},
	language = {en-US},
	urldate = {2020-05-01},
	journal = {VentureBeat},
	author = {Takahashi, Dean},
	month = sep,
	year = {2010},
	note = {Library Catalog: venturebeat.com Section: Business},
	keywords = {definition, motivation, interaction, positive},
	file = {Snapshot:C\:\\Users\\leon\\Zotero\\storage\\UH4FMMGH\\gamification-gets-its-own-conference.html:text/html}
}

% Theorie
@online{wissen_interpreter,
  author = {Wissen-digital.de},
  title = {Befehlsinterpreter},
  year = 2020,
  url = {https://www.wissen-digital.de/Befehlsinterpreter},
  urldate = {2020-08-18}
}

@article{koivisto_rise_2019,
    author = {Koivisto, Jonna and Hamari, Juho},
    year = {2019},
    month = {01},
    pages = {210},
    title = {The rise of the motivational information systems: A review of gamification research},
    volume = {45},
    journal = {International Journal of Information Management},
    doi = {10.1016/j.ijinfomgt.2018.10.013}
}

@inproceedings{huotari_defining_2012,
author = {Huotari, Kai and Hamari, Juho},
year = {2012},
month = {10},
pages = {},
title = {Defining Gamification - A Service Marketing Perspective},
journal = {ACM J},
doi = {10.1145/2393132.2393137},
isbn = {9781450316378},
publisher = {Association for Computing Machinery},
booktitle = {Proceeding of the 16th International Academic MindTrek Conference},
location = {Tampere, Finland},
series = {MindTrek '12}
}

@article{ryan2006motivational,
  title={The motivational pull of video games: A self-determination theory approach},
  author={Ryan, Richard M and Rigby, C Scott and Przybylski, Andrew},
  journal={Motivation and emotion},
  volume={30},
  number={4},
  pages={344--360},
  year={2006},
  publisher={Springer}
}
% -------------------- SDT ---------------
@book{ryan2017self,
  title={Self-determination theory: Basic psychological needs in motivation, development, and wellness},
  author={Ryan, Richard M and Deci, Edward L},
  year={2017},
  publisher={New York: Guilford Publications}
}

@article{rapp2019strengthening,
    author = {Rapp, Amon and Hopfgartner, Frank and Hamari, Juho and Linehan, Conor and Cena, Federica},
    year = {2019},
    month = {07},
    pages = {1-6},
    title = {Strengthening gamification studies: Current trends and future opportunities of gamification research},
    volume = {127},
    journal = {International Journal of Human-Computer Studies},
    doi = {10.1016/j.ijhcs.2018.11.007}
}



@book{sailer2016wirkung,
  title={Die Wirkung von Gamification auf Motivation und Leistung},
  author={Sailer, Michael},
  year={2016},
  publisher={Berlin, Heidelberg: Springer}
}

% --------------------------- SDT - END ---------------------------

@article{Heerwegh,
author = {Heerwegh, D. and Loosveldt, Geert},
year = {2006},
month = {01},
pages = {191-210},
title = {An experimental study on the effects of personalization, survey length statements, progress indicators, and survey sponsor logos in web surveys},
volume = {22},
journal = {Journal of Official Statistics}
}


@book{Reeves2009Total,
author = {Reeves, Byron and Read, Leighton},
year = {2009},
month = {01},
pages = {},
title = {Total Engagement: Using Games and Virtual Worlds to Change the Way People Work and Businesses Compete},
isbn = {9781422155134}
}

@inproceedings{brauer_erhohung_2019,
author = {Bräuer, Paula and Mazarakis, Athanasios},
year = {2019},
month = {09},
pages = {},
title = {Erhöhung der Motivation für Open Access durch Gamification},
doi = {10.18420/muc2019-ws-564},
booktitle = {Mensch und Computer 2019 - Workshopband},
publisher = {Gesellschaft für Informatik e.V.},
}

@article{kidwell_badges_2016,
    author = {Kidwell, Mallory C. AND Lazarević, Ljiljana B. AND Baranski, Erica AND Hardwicke, Tom E. AND Piechowski, Sarah AND Falkenberg, Lina-Sophia AND Kennett, Curtis AND Slowik, Agnieszka AND Sonnleitner, Carina AND Hess-Holden, Chelsey AND Errington, Timothy M. AND Fiedler, Susann AND Nosek, Brian A.},
    journal = {PLOS Biology},
    publisher = {Public Library of Science},
    title = {Badges to Acknowledge Open Practices: A Simple, Low-Cost, Effective Method for Increasing Transparency},
    year = {2016},
    month = {05},
    volume = {14},
    url = {https://doi.org/10.1371/journal.pbio.1002456},
    pages = {1-15},
    abstract = {Badges that acknowledge open practices significantly increase sharing of reported data and materials, as well as subsequent accessibility, correctness, usability, and completeness.},
    number = {5},
    doi = {10.1371/journal.pbio.1002456}
}

@article{johnson_gamification_2016,
    author = {Johnson, Daniel and Deterding, Sebastian and Kuhn, Kerri-Ann and Staneva, Aleksandra and Stoyanov, Stoyan and Hides, Leanne},
    year = {2016},
    month = {11},
    pages = {89-106},
    title = {Gamification for Health and Wellbeing:A Systematic Review of the Literature},
    volume = {6},
    journal = {Internet Interventions},
    doi = {10.1016/j.invent.2016.10.002}
}

@inproceedings{warmelink_gamification_2018,
    author = {Warmelink, Harald and Koivisto, Jonna and Mayer, Igor and Vesa, Mikko and Hamari, Juho},
    year = {2018},
    month = {01},
    pages = {},
    booktitle={HICSS},
    title = {Gamification of the work floor: A literature review of gamifying production and logistics operations},
    doi = {10.24251/HICSS.2018.139}
}

@article{ibanez_gamification_2014,
    author = {Ibáñez, María and Di-Serio, Angela and Delgado-Kloos, Carlos},
    year = {2014},
    month = {07},
    pages = {291-301},
    title = {Gamification for Engaging Computer Science Students in Learning Activities: A Case Study},
    volume = {7},
    journal = {Learning Technologies, IEEE Transactions on},
    doi = {10.1109/TLT.2014.2329293}
}


@article{landers_enhancing_2017,
    title = "Enhancing instructional outcomes with gamification: An empirical test of the Technology-Enhanced Training Effectiveness Model",
    journal = "Computers in Human Behavior",
    volume = "71",
    pages = "499 - 507",
    year = "2017",
    issn = "0747-5632",
    doi = "https://doi.org/10.1016/j.chb.2015.07.031",
    url = "http://www.sciencedirect.com/science/article/pii/S074756321530042X",
    author = "Richard N. Landers and Michael B. Armstrong",
    keywords = "Gamification, Reactions, Training, Learning, TETEM, Experiment",
}

@article{astin_student_1984,
    author = {Astin, Alexander},
    year = {1984},
    month = {01},
    pages = {518-529},
    title = {Student Involvement: A Development Theory for Higher Education},
    volume = {40},
    journal = {Journal of College Student Development}
}


@article{hamzah_influence_2015,
    	title = {Influence of {Gamification} on {Students}’ {Motivation} in using {E}-{Learning} {Applications} {Based} on the {Motivational} {Design} {Model}},
    	volume = {10},
    	issn = {1863-0383},
    	url = {https://online-journals.org/index.php/i-jet/article/view/4355},
    	language = {en},
    	number = {2},
    	urldate = {2020-05-02},
    	journal = {International Journal of Emerging Technologies in Learning (iJET)},
    	author = {Hamzah, Wan Mohd Amir Fazamin Wan and Ali, Noraida Haji and Saman, Md Yazid Mohd and Yusoff, Mohd Hafiz and Yacob, Azliza},
    	year = {2015},
    	pages = {30--34},
}



@article{strmecki_gamification_2015,
    author = {Strmečki, Daniel and Bernik, Andrija and Radosevic, Danijel},
    year = {2015},
    month = {12},
    pages = {1108-1117},
    title = {Gamification in E-Learning: Introducing Gamified Design Elements into E-Learning Systems},
    volume = {11},
    journal = {Journal of Computer Science},
    doi = {10.3844/jcssp.2015.1108.1117}
}

@article{layth_khaleel_empirical_2019,
	title = {An empirical study on gamification for learning programming language website},
	volume = {81},
	doi = {10.11113/jt.v81.11133},
	journal = {Jurnal Teknologi},
	author = {Layth Khaleel, Firas and Ashaari, Noraidah and Tengku Wook, Tengku Siti Meriam Tengku Wook},
	month = feb,
	year = {2019},
	file = {Full Text PDF:C\:\\Users\\leon\\Zotero\\storage\\J6TP99DA\\Layth Khaleel et al. - 2019 - An empirical study on gamification for learning pr.pdf:application/pdf}
}


@inproceedings{ortiz_gamification_2017,
    author = {Ortiz, Margarita and Chiluiza, Katherine and Valcke, Martin},
    year = {2017},
    month = {10},
    pages = {},
    title = {Gamification in Computer Programming: Effects on learning, engagement, self-efficacy and intrinsic motivation},
    	shorttitle = {Gamification in {Computer} {Programming}},
    booktitle    = {PROCEEDINGS OF THE 11TH EUROPEAN CONFERENCE ON GAMES BASED LEARNING (ECGBL 2017)},
}

@book{koch2013gamification,
  title={Gamification von Business Software-Steigerung von Motivation und Partizipation},
  author={Koch, Michael and Oertelt, Stephan and Ott, Florian},
  year={2013},
  publisher={M{\"u}nchen: Forschungsgruppe Kooperationssysteme, Univ. der Bundeswehr M{\"u}nchen}
}


@inproceedings{antin_badges_2011,
author = {Antin, Judd and Churchill, Elizabeth},
year = {2011},
month = {01},
pages = {},
title = {Badges in Social Media: A Social Psychological Perspective},
booktitle= {CHI 2011 Gamification Workshop Proceedings},
journal = {Gamification Workshop Proceedings}
}

@article{hamari_badges_2017,
author = {Hamari, Juho},
year = {2017},
month = {01},
pages = {469-478},
title = {Do badges increase user activity? A field experiment on effects of gamification},
volume = {71},
journal = {Computers in Human Behavior},
doi = {10.1016/j.chb.2015.03.036}
}

@article{olsson_visualisation_2016,
author = {Olsson, Marie and Mozelius, Peter and Collin, Jonas},
year = {2016},
month = {01},
pages = {},
title = {Visualisation and Gamification of e-Learning and Programming Education},
volume = {13},
journal = {Electronic Journal of e-Learning}
}

@article{ryan_deci_2000,
author = {Ryan, Richard and Deci, Edward},
year = {2000},
month = {02},
pages = {68-78},
title = {Self-Determination Theory and the Facilitation of Intrinsic Motivation, Social Development, and Well-Being},
volume = {55},
journal = {The American psychologist},
doi = {10.1037/0003-066X.55.1.68}
}

@book{toda_dark_2018,
	title = {The {Dark} {Side} of {Gamification}: {An} {Overview} of {Negative} {Effects} of {Gamification} in {Education}},
	shorttitle = {The {Dark} {Side} of {Gamification}},
	author = {Toda, Armando and Valle, Pedro Henrique and Isotani, Seiji},
	month = aug,
	year = {2018},
	doi = {10.1007/978-3-319-97934-2\_9}
}

@article{liu_examining_2017,
author = {Liu, Mingnan and Wronski, Laura},
year = {2017},
month = {01},
pages = {089443931769558},
title = {Examining Completion Rates in Web Surveys via Over 25,000 Real-World Surveys},
volume = {36},
journal = {Social Science Computer Review},
doi = {10.1177/0894439317695581}
}

@article{dominguez_gamifying_2013,
author = {Domínguez, Adrián and Saenz-de-Navarrete, Joseba and de-Marcos, Luis and Fernandez-Sanz, Luis and Pagés, Carmen and Martínez-Herráiz, J.J.},
year = {2013},
month = {04},
pages = {380-392},
title = {Gamifying Learning Experiences: Practical Implications and Outcomes},
volume = {63},
journal = {Computers \& Education},
doi = {10.1016/j.compedu.2012.12.020}
}

@inproceedings{mazarakis2018gamification,
author = {Mazarakis, Athanasios and Br\"{a}uer, Paula},
title = {Gamification is Working, but Which One Exactly? Results from an Experiment with Four Game Design Elements},
year = {2018},
isbn = {9781450354202},
publisher = {Association for Computing Machinery},
address = {New York, NY, USA},
booktitle = {Proceedings of the Technology, Mind, and Society},
articleno = {Article 22},
numpages = {1},
keywords = {Feedback, Storytelling, Motivation, Game Design Element, Badges, Experiment, Progress Bar, Gamification},
location = {Washington, DC, USA},
series = {TechMindSociety ’18}
}

@book{michael_serious_2005,
	title = {Serious {Games}: {Games} {That} {Educate}, {Train}, and {Inform}},
	isbn = {978-1-59200-622-9},
	shorttitle = {Serious {Games}},
	publisher = {Muska \& Lipman/Premier-Trade},
	author = {Michael, David R. and Chen, Sandra L.},
	year = {2005}
}



@article{bopp_serious_2009,
author = {Bopp, Kolja},
year = {2009},
month = {10},
pages = {},
title = {Serious Games Ein Literaturbericht}
}

@article{nielsen_overview_2006,
author = {Egenfeldt-Nielsen, Simon},
year = {2006},
month = {01},
pages = {},
title = {Overview of research on the educational use of video games},
volume = {1},
journal = {Digital Kompetanse}
}

@article{stapleton_serious_2004,
author = {Stapleton, Andrew},
year = {2004},
month = {01},
pages = {},
title = {Serious games: Serious opportunities},
journal = {Australian Game Developers Conference}
}

@article{vlachopoulos_effect_2017,
author = {Vlachopoulos, Dimitrios and Makri, Agoritsa},
year = {2017},
month = {07},
pages = {},
title = {The effect of games and simulations on higher education: a systematic literature review},
volume = {14},
journal = {International Journal of Educational Technology in Higher Education},
doi = {10.1186/s41239-017-0062-1}
}